@article{soreq2001acetylcholinesterase,
	title={Acetylcholinesteraseâ€”New roles for an old actor},
	author={Soreq, Hermona and Seidman, Samuel},
	journal={Nature Reviews Neuroscience},
	volume={2},
	number={4},
	pages={294--302},
	year={2001},
	publisher={Nature Publishing Group},
	doi={10.1038/35067589}
}

@article{massoulie1993structure,
	title={Structure and functions of the cholinesterases and related proteins},
	author={Massoulie, Jean and Sussman, Joel and Bon, Sandrine and Silman, Israel},
	journal={Journal of Biological Chemistry},
	volume={268},
	number={22},
	pages={17083--17086},
	year={1993},
	publisher={ASBMB},
	doi={10.1016/S0021-9258(19)42243-5}
}

@incollection{nogueira2015toxicology,
	title={Toxicology and pharmacology of the inhibitors of acetylcholinesterase},
	author={Nogueira, Cristina Wayne and Rocha, Joao Batista Teixeira},
	booktitle={Handbook of Toxicology of Chemical Warfare Agents},
	pages={113--140},
	year={2015},
	publisher={Elsevier},
	doi={10.1016/B978-0-12-800159-2.00007-3}
}

@article{o2009story,
	title={The story of O, organophosphorus, and organochlorine pesticides: The advantages and disadvantages of continuing to use them},
	author={O'Brien, Robert D},
	journal={Environmental science and pollution research},
	volume={22},
	number={6},
	pages={4122--4139},
	year={2015},
	publisher={Springer},
	doi={10.1007/s11356-014-3525-9}
}

@article{bartels2010parkinson,
	title={Parkinson's Disease: The Striatum Is Vulnerable to Neurotoxicity Through Cholinesterase Inhibition},
	author={Bartels, Antonia L and Leenders, Klaus L},
	journal={Nature Reviews Neuroscience},
	volume={11},
	number={3},
	pages={214},
	year={2010},
	publisher={Nature Publishing Group},
	doi={10.1038/nrn2767}
}

@article{Geed2016,
	author = {Geed, S.R. and Kureel, M.K. and Shukla, A.K. and Singh, R.S. and Rai, B.N.},
	doi = {10.1016/j.reffit.2016.09.005},
	issn = {24056537},
	journal = {Resource-Efficient Technologies},
	month = {dec},
	pages = {S3--S11},
	title = {{Biodegradation of malathion and evaluation of kinetic parameters using three bacterial species}},
	url = {http://linkinghub.elsevier.com/retrieve/pii/S2405653716300380},
	volume = {2},
	year = {2016}
}

@book{klaassen2018casarett,
	title={Casarett \& Doull's Toxicology: The Basic Science of Poisons},
	author={Klaassen, Curtis D.},
	year={2018},
	publisher={McGraw-Hill Education}
}

@misc{ACS,
	title = {{Malathion - American Chemical Society}},
	url = {https://www.acs.org/molecule-of-the-week/archive/m/malathion.html},
	urldate = {2023-05}
}